@article{sancho_diafora, title={Diaforá: A Visualization Tool for the Comparison of Biological Taxonomies}, DOI={10.1007/978-3-030-41005-6_29}, journal={Communications in Computer and Information Science High Performance Computing}, author={Sancho-Chavarría, Lilliana and Gómez-Soza, Carlos and Beck, Fabian and Mata-Montero, Erick}, year={2019}, pages={423–437}}
@article{linne, title={Systema naturae per regna tria naturae, secundum classes, ordines, genera, species, cum characteribus, differentiis, synonymis, locis /}, DOI={10.5962/bhl.title.158187}, author={Linné Carl Von}, year={1767}}
@article{tominski_gladisch_kister_dachselt_schumann_2016, title={Interactive Lenses for Visualization: An Extended Survey}, volume={36}, DOI={10.1111/cgf.12871}, number={6}, journal={Computer Graphics Forum}, author={Tominski, C. and Gladisch, S. and Kister, U. and Dachselt, R. and Schumann, H.}, year={2016}, pages={173–200}}
@article{gleicher_2018, title={Considerations for Visualizing Comparison}, volume={24}, DOI={10.1109/tvcg.2017.2744199}, number={1}, journal={IEEE Transactions on Visualization and Computer Graphics}, author={Gleicher, Michael}, year={2018}, pages={413–423}}
@article{inproceedings,author = {Zainon, W.M.N.W. and Calder, Paul},
year = {2006},
month = {01},
pages = {145-152},
title = {Visualising Phylogenetic Trees},
volume = {50},
journal = {Conferences in Research and Practice in Information Technology Series}
}
@article{sancho-chavarria_beck_mata-montero_2019, title={An expert study on hierarchy comparison methods applied to biological taxonomies curation}, DOI={10.7287/peerj.preprints.27903}, author={Sancho-Chavarria, Lilliana and Beck, Fabian and Mata-Montero, Erick}, year={2019}}
@misc{sancho-study, title={An expert study on hierarchy comparison methods applied to biological taxonomies curation}, url={https://peerj.com/preprints/27903/}, journal={PeerJ Preprints}, publisher={PeerJ Inc.}, author={Sancho-Chavarria, Lilliana and Beck2, Fabian and Mata-Montero1, Erick}, year={2019}, month={Aug}}
@article{yang_ward_rundensteiner, title={InterRing: an interactive tool for visually navigating and manipulating hierarchical structures}, DOI={10.1109/infvis.2002.1173151}, journal={IEEE Symposium on Information Visualization, 2002. INFOVIS 2002.}, author={Yang, Jing and Ward, M.o. and Rundensteiner, E.a.}}
@article{virt-machines, title={Sistemas de Virtualización}, author={Ariel Powell, Alexander Merchán}, year={2019}}
@article{Aldous-graphs, title={Graphs and Applications:An Introductory Approach. 4ed. Spinger}, author={Aldous, J. et al.}, year={2004}}
@article{Kamada-graphs, title={An algorithm for drawing general undirected graphs. Information
Processing Letters}, author={Kamada T. and Kawai S.}, year={1989}}
@article{guerr-iac, author={M. {Guerriero} and M. {Garriga} and D. A. {Tamburri} and F. {Palomba}}, booktitle={2019 IEEE International Conference on Software Maintenance and Evolution (ICSME)}, title={Adoption, Support, and Challenges of Infrastructure-as-Code: Insights from Industry}, year={2019}, volume={}, number={}, pages={580-589},}
@article{artac-iac, title={Devops: introducing infrastructure-as-code}, author={M. Artac, T. Borovssak, et al.}, year={2017}}
@article{morris-iac, title={Infrastructure As Code: Managing Servers in the Cloud. Oreilly \& Associates Incorporated}, author={K. Morris}, year={2016}}
@article{huttermann-iac, title={Infrastructure As Code: Managing Servers in the Cloud. Oreilly \& Associates Incorporated}, author={M. Hüttermann}, year={2012}, pages={pp. 135–156}}
@article{aut-cloud-prov, title={End-to-End Automation in Cloud Infrastructure Provisioning}, author={Julio Sandobalin, Emilio Insfran, Silvia Abrahao}, year={2017}}
@article{terraf-ansib, title={Automating Security Deployments With Terraform And Aansible - White paper}, author={Palo Alto Networks}, year={2017}}
@online{p5js2020,  author = {The Processing Foundation},
  title = {p5js.org},
  year = 2008,
  url = {https://p5js.org/},
  urldate = {2020-06-04}
}
@online{DDD,
  author = {Mike Bostock},
  title = {Data Driven Documents},
  year = 2011,
  url = {https://d3js.org/},
  urldate = {2020-06-04}
}
@article{nguyen_nguyen_tran_blakemore_2016, title={A comprehensive checklist of earthworm species and subspecies from Vietnam (Annelida: Clitellata: Oligochaeta: Almidae, Eudrilidae, Glossoscolecidae, Lumbricidae, Megascolecidae, Moniligastridae, Ocnerodrilidae, Octochaetidae)}, volume={4140}, DOI={10.11646/zootaxa.4140.1.1}, number={1}, journal={Zootaxa}, author={Nguyen, Tung T. and Nguyen, Anh D. and Tran, Binh T.t. and Blakemore, Robert J.}, year={2016}, pages={1}}
@article{catalogueoflife,
   author  = {Roskov Y., Ower G., Orrell T., Nicolson D., Bailly N., Kirk P.M., Bourgoin T., DeWalt R.E., Decock W., Nieukerken E. van, Zarucchi J., Penev L., eds.},
   title   = {Species 2000 and ITIS Catalogue of Life},
   journal = {2019 Annual Checklist},
   year    = {2019}
 }
@article{visual-focus, title={Visual Information Foraging in a Focus + Context Visualization}, author={Peter Pirolli, et al.}, year={2001}}
@article{lens-visual, title={The Sampling Lens: Making Sense of Saturated Visualisations}, author={Geoffrey Ellis, et al.}, year={2005}}
@article{graph-explore, title={Structure-aware Fisheye Views for Efficient Large Graph Exploration}, author={Yunhai Wang, et al.}, year={2019}}
@article{phylo-scheme, title={Optimal Leaf Ordering for Two and a Half Dimensional Phylogenetic Tree Visualisation}, author={Tim Dwyer, Falk Schreiber.}, year={2006}}
@article{avise_liu_2011, title={On the temporal inconsistencies of Linnean taxonomic ranks}, volume={102}, DOI={10.1111/j.1095-8312.2011.01624.x}, number={4}, journal={Biological Journal of the Linnean Society}, author={Avise, John C. and Liu, Jin-Xian}, year={2011}, pages={707–714}}
@article{book_keshary_2001, title={Radial Tree Graph Drawing Algorithm for Representing Large Hierarchies}, journal={University of Connecticut}, author={Book, Greg and Keshary, Neeta}, year={2001}}
